<record><leader>00000cas a2200000 a 4500</leader><controlfield tag="001">40702198</controlfield><controlfield tag="008">990129d19431948miuwr n       0    0eng c</controlfield><datafield ind1=" " ind2=" " tag="010"><subfield code="a">sn 98066560 </subfield></datafield><datafield ind1=" " ind2=" " tag="040"><subfield code="a">MHN</subfield><subfield code="b">eng</subfield><subfield code="c">MHN</subfield><subfield code="d">OCL</subfield><subfield code="d">OCLCQ</subfield><subfield code="d">OCLCF</subfield><subfield code="d">OCLCO</subfield></datafield><datafield ind1="1" ind2=" " tag="029"><subfield code="a">AU@</subfield><subfield code="b">000014546322</subfield></datafield><datafield ind1=" " ind2=" " tag="042"><subfield code="a">pcc</subfield></datafield><datafield ind1=" " ind2=" " tag="043"><subfield code="a">n-us-mi</subfield></datafield><datafield ind1="0" ind2=" " tag="130"><subfield code="a">Pinconning journal and Bay County news (Pinconning, Mich. : 1943)</subfield></datafield><datafield ind1="1" ind2="4" tag="245"><subfield code="a">The Pinconning journal and Bay County news.</subfield></datafield><datafield ind1="1" ind2="7" tag="246"><subfield code="a">Pinconning journal</subfield></datafield><datafield ind1=" " ind2=" " tag="260"><subfield code="a">Pinconning, Mich. :</subfield><subfield code="b">E.J. LaPorte</subfield></datafield><datafield ind1=" " ind2=" " tag="300"><subfield code="a">v.</subfield></datafield><datafield ind1=" " ind2=" " tag="310"><subfield code="a">Weekly</subfield></datafield><datafield ind1="0" ind2=" " tag="362"><subfield code="a">Vol. 51, no. 9 (Mar. 3, 1943)-v. 64, no. 52 (Dec. 29, 1948).</subfield></datafield><datafield ind1=" " ind2="0" tag="651"><subfield code="a">Pinconning (Mich.)</subfield><subfield code="v">Newspapers.</subfield></datafield><datafield ind1=" " ind2="0" tag="651"><subfield code="a">Bay County (Mich.)</subfield><subfield code="v">Newspapers.</subfield></datafield><datafield ind1=" " ind2="7" tag="655"><subfield code="a">Newspapers.</subfield><subfield code="2">fast</subfield><subfield code="0">(OCoLC)fst01423814</subfield></datafield><datafield ind1=" " ind2="7" tag="651"><subfield code="a">Michigan</subfield><subfield code="z">Bay County.</subfield><subfield code="2">fast</subfield><subfield code="0">(OCoLC)fst01210252</subfield></datafield><datafield ind1=" " ind2="7" tag="651"><subfield code="a">Michigan</subfield><subfield code="z">Pinconning.</subfield><subfield code="2">fast</subfield><subfield code="0">(OCoLC)fst01219860</subfield></datafield><datafield ind1=" " ind2=" " tag="752"><subfield code="a">United States</subfield><subfield code="b">Michigan</subfield><subfield code="c">Bay</subfield><subfield code="d">Pinconning.</subfield></datafield><datafield ind1="0" ind2="0" tag="780"><subfield code="t">Pinconning journal (Pinconning, Mich. : 1940)</subfield><subfield code="w">(DLC)sn 98066425</subfield><subfield code="w">(OCoLC)40702121</subfield></datafield><datafield ind1="0" ind2="0" tag="785"><subfield code="t">Pinconning journal (Pinconning, Mich. : 1949)</subfield><subfield code="w">(DLC)sn 96077426</subfield><subfield code="w">(OCoLC)36138918</subfield></datafield></record>